<?xml version="1.0" encoding="UTF-8"?>
<collection xmlns:xsi="http://www.w3.org/2001/XMLSchema-instance" xsi:schemaLocation="http://www.loc.gov/MARC21/slim http://www.loc.gov/standards/marcxml/schema/MARC21slim.xsd" xmlns="http://www.loc.gov/MARC21/slim">
<record>
  <leader>01128cam a2200277   4500</leader>
  <controlfield tag="001">2958762</controlfield>
  <controlfield tag="003">NNC</controlfield>
  <controlfield tag="005">20151221160412.0</controlfield>
  <controlfield tag="008">940928q19701973iq       b    000 0 arar </controlfield>
  <datafield tag="010" ind1=" " ind2=" ">
    <subfield code="a">   73202056 </subfield>
  </datafield>
  <datafield tag="035" ind1=" " ind2=" ">
    <subfield code="a">(OCoLC)ocm31193039</subfield>
  </datafield>
  <datafield tag="035" ind1=" " ind2=" ">
    <subfield code="9">ASK3885CU</subfield>
  </datafield>
  <datafield tag="035" ind1=" " ind2=" ">
    <subfield code="a">(NNC)2958762</subfield>
  </datafield>
  <datafield tag="040" ind1=" " ind2=" ">
    <subfield code="a">DLC</subfield>
    <subfield code="c">CUY</subfield>
    <subfield code="d">CUY</subfield>
    <subfield code="d">OCL</subfield>
    <subfield code="d">ZCU</subfield>
  </datafield>
  <datafield tag="050" ind1="0" ind2=" ">
    <subfield code="a">BP193.28</subfield>
    <subfield code="b">.K39</subfield>
  </datafield>
  <datafield tag="100" ind1="1" ind2=" ">
    <subfield code="a">Kāẓimī, ʻAbd al-Nabī ibn ʻAlī,</subfield>
    <subfield code="d">1783 or 1784-1840 or 1841.</subfield>
  </datafield>
  <datafield tag="245" ind1="1" ind2="0">
    <subfield code="a">Takmilat al-Rijāl,</subfield>
    <subfield code="c">taʾlīf ʻAbd al-Nabī al-Kāẓimī. Taḥqīq wa-taqdīm al-Sayyid Muḥammad Ṣādiq Baḥr al-ʻUlūm.</subfield>
  </datafield>
  <datafield tag="260" ind1=" " ind2=" ">
    <subfield code="a">al-Najaf :</subfield>
    <subfield code="b">Maṭbaʻat al-Ādāb, [</subfield>
    <subfield code="c">197-]</subfield>
  </datafield>
  <datafield tag="300" ind1=" " ind2=" ">
    <subfield code="a">2 v.</subfield>
    <subfield code="c">25 cm.</subfield>
  </datafield>
  <datafield tag="490" ind1="1" ind2=" ">
    <subfield code="a">Maṭbūʻāt Maktabat al-Imām al-Ḥakīm al-ʻĀmmah ;</subfield>
    <subfield code="v">2-3</subfield>
  </datafield>
  <datafield tag="500" ind1=" " ind2=" ">
    <subfield code="a">Continuation of al-Tafrīshī's Naqd al-rijāl.</subfield>
  </datafield>
  <datafield tag="504" ind1=" " ind2=" ">
    <subfield code="a">Bibliography: v. 2, p. 873-882.</subfield>
  </datafield>
  <datafield tag="650" ind1=" " ind2="0">
    <subfield code="a">Hadith (Shiites)</subfield>
    <subfield code="x">Authorities.</subfield>
  </datafield>
  <datafield tag="700" ind1="1" ind2="2">
    <subfield code="a">Tafrīshī, Muṣṭafá ibn al-Ḥusayn,</subfield>
    <subfield code="d">active 17th century.</subfield>
    <subfield code="t">Naqd al-Rijāl.</subfield>
  </datafield>
  <datafield tag="830" ind1=" " ind2="0">
    <subfield code="a">Maṭbūʻāt Maktabat al-Imām al-Ḥakīm al-ʻĀmmah ;</subfield>
    <subfield code="v">2-3.</subfield>
  </datafield>
  <datafield tag="955" ind1=" " ind2=" ">
    <subfield code="b">0111880112</subfield>
    <subfield code="d">glx</subfield>
    <subfield code="e">BP193.28 .K39</subfield>
    <subfield code="v">v.1</subfield>
  </datafield>
</record>
</collection>